%YAML 1.1
%TAG !u! tag:unity3d.com,2011:
--- !u!29 &1
OcclusionCullingSettings:
  m_ObjectHideFlags: 0
  serializedVersion: 2
  m_OcclusionBakeSettings:
    smallestOccluder: 5
    smallestHole: 0.25
    backfaceThreshold: 100
  m_SceneGUID: 00000000000000000000000000000000
  m_OcclusionCullingData: {fileID: 0}
--- !u!104 &2
RenderSettings:
  m_ObjectHideFlags: 0
  serializedVersion: 9
  m_Fog: 0
  m_FogColor: {r: 0.5, g: 0.5, b: 0.5, a: 1}
  m_FogMode: 3
  m_FogDensity: 0.01
  m_LinearFogStart: 0
  m_LinearFogEnd: 300
  m_AmbientSkyColor: {r: 0.212, g: 0.227, b: 0.259, a: 1}
  m_AmbientEquatorColor: {r: 0.114, g: 0.125, b: 0.133, a: 1}
  m_AmbientGroundColor: {r: 0.047, g: 0.043, b: 0.035, a: 1}
  m_AmbientIntensity: 1
  m_AmbientMode: 0
  m_SubtractiveShadowColor: {r: 0.42, g: 0.478, b: 0.627, a: 1}
  m_SkyboxMaterial: {fileID: 0}
  m_HaloStrength: 0.5
  m_FlareStrength: 1
  m_FlareFadeSpeed: 3
  m_HaloTexture: {fileID: 0}
  m_SpotCookie: {fileID: 10001, guid: 0000000000000000e000000000000000, type: 0}
  m_DefaultReflectionMode: 0
  m_DefaultReflectionResolution: 128
  m_ReflectionBounces: 1
  m_ReflectionIntensity: 1
  m_CustomReflection: {fileID: 0}
  m_Sun: {fileID: 0}
  m_IndirectSpecularColor: {r: 0, g: 0, b: 0, a: 1}
  m_UseRadianceAmbientProbe: 0
--- !u!157 &3
LightmapSettings:
  m_ObjectHideFlags: 0
  serializedVersion: 11
  m_GIWorkflowMode: 1
  m_GISettings:
    serializedVersion: 2
    m_BounceScale: 1
    m_IndirectOutputScale: 1.2
    m_AlbedoBoost: 1
    m_EnvironmentLightingMode: 0
    m_EnableBakedLightmaps: 1
    m_EnableRealtimeLightmaps: 0
  m_LightmapEditorSettings:
    serializedVersion: 10
    m_Resolution: 2
    m_BakeResolution: 80
    m_AtlasSize: 1024
    m_AO: 0
    m_AOMaxDistance: 1
    m_CompAOExponent: 1
    m_CompAOExponentDirect: 0
    m_Padding: 2
    m_LightmapParameters: {fileID: 15200, guid: 0000000000000000f000000000000000,
      type: 0}
    m_LightmapsBakeMode: 1
    m_TextureCompression: 0
    m_FinalGather: 0
    m_FinalGatherFiltering: 1
    m_FinalGatherRayCount: 256
    m_ReflectionCompression: 2
    m_MixedBakeMode: 2
    m_BakeBackend: 1
    m_PVRSampling: 1
    m_PVRDirectSampleCount: 64
    m_PVRSampleCount: 1000
    m_PVRBounces: 4
    m_PVRFilterTypeDirect: 0
    m_PVRFilterTypeIndirect: 0
    m_PVRFilterTypeAO: 0
    m_PVRFilteringMode: 1
    m_PVRCulling: 1
    m_PVRFilteringGaussRadiusDirect: 1
    m_PVRFilteringGaussRadiusIndirect: 5
    m_PVRFilteringGaussRadiusAO: 2
    m_PVRFilteringAtrousPositionSigmaDirect: 0.5
    m_PVRFilteringAtrousPositionSigmaIndirect: 2
    m_PVRFilteringAtrousPositionSigmaAO: 1
    m_ShowResolutionOverlay: 1
  m_LightingDataAsset: {fileID: 112000000, guid: af8ff3188e86b80498db8286beea1c12,
    type: 2}
  m_UseShadowmask: 1
--- !u!196 &4
NavMeshSettings:
  serializedVersion: 2
  m_ObjectHideFlags: 0
  m_BuildSettings:
    serializedVersion: 2
    agentTypeID: 0
    agentRadius: 0.5
    agentHeight: 2
    agentSlope: 45
    agentClimb: 0.4
    ledgeDropHeight: 0
    maxJumpAcrossDistance: 0
    minRegionArea: 2
    manualCellSize: 0
    cellSize: 0.16666667
    manualTileSize: 0
    tileSize: 256
    accuratePlacement: 0
    debug:
      m_Flags: 0
  m_NavMeshData: {fileID: 0}
--- !u!1001 &195872762
PrefabInstance:
  m_ObjectHideFlags: 0
  serializedVersion: 2
  m_Modification:
    m_TransformParent: {fileID: 594511976445345396}
    m_Modifications:
    - target: {fileID: 1745013971601346913, guid: 6ca2cafa646bd984b95e7d3a172eaf33,
        type: 3}
      propertyPath: m_Name
      value: p_Stall_01_snaps009
      objectReference: {fileID: 0}
    - target: {fileID: 1044042301666043115, guid: 6ca2cafa646bd984b95e7d3a172eaf33,
        type: 3}
      propertyPath: m_LocalPosition.x
      value: 0
      objectReference: {fileID: 0}
    - target: {fileID: 1044042301666043115, guid: 6ca2cafa646bd984b95e7d3a172eaf33,
        type: 3}
      propertyPath: m_LocalPosition.y
      value: 0
      objectReference: {fileID: 0}
    - target: {fileID: 1044042301666043115, guid: 6ca2cafa646bd984b95e7d3a172eaf33,
        type: 3}
      propertyPath: m_LocalPosition.z
      value: 0
      objectReference: {fileID: 0}
    - target: {fileID: 1044042301666043115, guid: 6ca2cafa646bd984b95e7d3a172eaf33,
        type: 3}
      propertyPath: m_LocalRotation.x
      value: -0
      objectReference: {fileID: 0}
    - target: {fileID: 1044042301666043115, guid: 6ca2cafa646bd984b95e7d3a172eaf33,
        type: 3}
      propertyPath: m_LocalRotation.y
      value: -0
      objectReference: {fileID: 0}
    - target: {fileID: 1044042301666043115, guid: 6ca2cafa646bd984b95e7d3a172eaf33,
        type: 3}
      propertyPath: m_LocalRotation.z
      value: -0
      objectReference: {fileID: 0}
    - target: {fileID: 1044042301666043115, guid: 6ca2cafa646bd984b95e7d3a172eaf33,
        type: 3}
      propertyPath: m_LocalRotation.w
      value: 1
      objectReference: {fileID: 0}
    - target: {fileID: 1044042301666043115, guid: 6ca2cafa646bd984b95e7d3a172eaf33,
        type: 3}
      propertyPath: m_RootOrder
      value: 0
      objectReference: {fileID: 0}
    - target: {fileID: 1044042301666043115, guid: 6ca2cafa646bd984b95e7d3a172eaf33,
        type: 3}
      propertyPath: m_LocalEulerAnglesHint.x
      value: 0
      objectReference: {fileID: 0}
    - target: {fileID: 1044042301666043115, guid: 6ca2cafa646bd984b95e7d3a172eaf33,
        type: 3}
      propertyPath: m_LocalEulerAnglesHint.y
      value: 0
      objectReference: {fileID: 0}
    - target: {fileID: 1044042301666043115, guid: 6ca2cafa646bd984b95e7d3a172eaf33,
        type: 3}
      propertyPath: m_LocalEulerAnglesHint.z
      value: 0
      objectReference: {fileID: 0}
    m_RemovedComponents: []
  m_SourcePrefab: {fileID: 100100000, guid: 6ca2cafa646bd984b95e7d3a172eaf33, type: 3}
--- !u!4 &195872763 stripped
Transform:
  m_CorrespondingSourceObject: {fileID: 1044042301666043115, guid: 6ca2cafa646bd984b95e7d3a172eaf33,
    type: 3}
  m_PrefabInstance: {fileID: 195872762}
  m_PrefabAsset: {fileID: 0}
--- !u!1001 &406186878
PrefabInstance:
  m_ObjectHideFlags: 0
  serializedVersion: 2
  m_Modification:
    m_TransformParent: {fileID: 594511976445345396}
    m_Modifications:
    - target: {fileID: 7043469318579419992, guid: daaa40cb5f82aae4081312308fb5d6b6,
        type: 3}
      propertyPath: m_Name
      value: p_Stall_11_snaps009
      objectReference: {fileID: 0}
    - target: {fileID: 483797556659591497, guid: daaa40cb5f82aae4081312308fb5d6b6,
        type: 3}
      propertyPath: m_LocalPosition.x
      value: 0
      objectReference: {fileID: 0}
    - target: {fileID: 483797556659591497, guid: daaa40cb5f82aae4081312308fb5d6b6,
        type: 3}
      propertyPath: m_LocalPosition.y
      value: 0
      objectReference: {fileID: 0}
    - target: {fileID: 483797556659591497, guid: daaa40cb5f82aae4081312308fb5d6b6,
        type: 3}
      propertyPath: m_LocalPosition.z
      value: 0
      objectReference: {fileID: 0}
    - target: {fileID: 483797556659591497, guid: daaa40cb5f82aae4081312308fb5d6b6,
        type: 3}
      propertyPath: m_LocalRotation.x
      value: -0
      objectReference: {fileID: 0}
    - target: {fileID: 483797556659591497, guid: daaa40cb5f82aae4081312308fb5d6b6,
        type: 3}
      propertyPath: m_LocalRotation.y
      value: -0
      objectReference: {fileID: 0}
    - target: {fileID: 483797556659591497, guid: daaa40cb5f82aae4081312308fb5d6b6,
        type: 3}
      propertyPath: m_LocalRotation.z
      value: -0
      objectReference: {fileID: 0}
    - target: {fileID: 483797556659591497, guid: daaa40cb5f82aae4081312308fb5d6b6,
        type: 3}
      propertyPath: m_LocalRotation.w
      value: 1
      objectReference: {fileID: 0}
    - target: {fileID: 483797556659591497, guid: daaa40cb5f82aae4081312308fb5d6b6,
        type: 3}
      propertyPath: m_RootOrder
      value: 10
      objectReference: {fileID: 0}
    - target: {fileID: 483797556659591497, guid: daaa40cb5f82aae4081312308fb5d6b6,
        type: 3}
      propertyPath: m_LocalEulerAnglesHint.x
      value: 0
      objectReference: {fileID: 0}
    - target: {fileID: 483797556659591497, guid: daaa40cb5f82aae4081312308fb5d6b6,
        type: 3}
      propertyPath: m_LocalEulerAnglesHint.y
      value: 0
      objectReference: {fileID: 0}
    - target: {fileID: 483797556659591497, guid: daaa40cb5f82aae4081312308fb5d6b6,
        type: 3}
      propertyPath: m_LocalEulerAnglesHint.z
      value: 0
      objectReference: {fileID: 0}
    m_RemovedComponents: []
  m_SourcePrefab: {fileID: 100100000, guid: daaa40cb5f82aae4081312308fb5d6b6, type: 3}
--- !u!4 &406186879 stripped
Transform:
  m_CorrespondingSourceObject: {fileID: 483797556659591497, guid: daaa40cb5f82aae4081312308fb5d6b6,
    type: 3}
  m_PrefabInstance: {fileID: 406186878}
  m_PrefabAsset: {fileID: 0}
--- !u!1001 &498511349
PrefabInstance:
  m_ObjectHideFlags: 0
  serializedVersion: 2
  m_Modification:
    m_TransformParent: {fileID: 594511976445345396}
    m_Modifications:
    - target: {fileID: 1281180978832516539, guid: 3aef16590d99f8e49bc53a944a407cae,
        type: 3}
      propertyPath: m_Name
      value: p_Stall_12_snaps009
      objectReference: {fileID: 0}
    - target: {fileID: 7734640428573630752, guid: 3aef16590d99f8e49bc53a944a407cae,
        type: 3}
      propertyPath: m_LocalPosition.x
      value: 0
      objectReference: {fileID: 0}
    - target: {fileID: 7734640428573630752, guid: 3aef16590d99f8e49bc53a944a407cae,
        type: 3}
      propertyPath: m_LocalPosition.y
      value: 0
      objectReference: {fileID: 0}
    - target: {fileID: 7734640428573630752, guid: 3aef16590d99f8e49bc53a944a407cae,
        type: 3}
      propertyPath: m_LocalPosition.z
      value: 0
      objectReference: {fileID: 0}
    - target: {fileID: 7734640428573630752, guid: 3aef16590d99f8e49bc53a944a407cae,
        type: 3}
      propertyPath: m_LocalRotation.x
      value: -0
      objectReference: {fileID: 0}
    - target: {fileID: 7734640428573630752, guid: 3aef16590d99f8e49bc53a944a407cae,
        type: 3}
      propertyPath: m_LocalRotation.y
      value: -0
      objectReference: {fileID: 0}
    - target: {fileID: 7734640428573630752, guid: 3aef16590d99f8e49bc53a944a407cae,
        type: 3}
      propertyPath: m_LocalRotation.z
      value: -0
      objectReference: {fileID: 0}
    - target: {fileID: 7734640428573630752, guid: 3aef16590d99f8e49bc53a944a407cae,
        type: 3}
      propertyPath: m_LocalRotation.w
      value: 1
      objectReference: {fileID: 0}
    - target: {fileID: 7734640428573630752, guid: 3aef16590d99f8e49bc53a944a407cae,
        type: 3}
      propertyPath: m_RootOrder
      value: 11
      objectReference: {fileID: 0}
    - target: {fileID: 7734640428573630752, guid: 3aef16590d99f8e49bc53a944a407cae,
        type: 3}
      propertyPath: m_LocalEulerAnglesHint.x
      value: 0
      objectReference: {fileID: 0}
    - target: {fileID: 7734640428573630752, guid: 3aef16590d99f8e49bc53a944a407cae,
        type: 3}
      propertyPath: m_LocalEulerAnglesHint.y
      value: 0
      objectReference: {fileID: 0}
    - target: {fileID: 7734640428573630752, guid: 3aef16590d99f8e49bc53a944a407cae,
        type: 3}
      propertyPath: m_LocalEulerAnglesHint.z
      value: 0
      objectReference: {fileID: 0}
    m_RemovedComponents: []
  m_SourcePrefab: {fileID: 100100000, guid: 3aef16590d99f8e49bc53a944a407cae, type: 3}
--- !u!4 &498511350 stripped
Transform:
  m_CorrespondingSourceObject: {fileID: 7734640428573630752, guid: 3aef16590d99f8e49bc53a944a407cae,
    type: 3}
  m_PrefabInstance: {fileID: 498511349}
  m_PrefabAsset: {fileID: 0}
--- !u!1001 &528729863
PrefabInstance:
  m_ObjectHideFlags: 0
  serializedVersion: 2
  m_Modification:
    m_TransformParent: {fileID: 594511976445345396}
    m_Modifications:
    - target: {fileID: 8882275244257036239, guid: ec4bdfd9756c4b34aa257a7d6cf9ec94,
        type: 3}
      propertyPath: m_Name
      value: p_Stall_02_snaps009
      objectReference: {fileID: 0}
    - target: {fileID: 5604994846581435114, guid: ec4bdfd9756c4b34aa257a7d6cf9ec94,
        type: 3}
      propertyPath: m_LocalPosition.x
      value: 0
      objectReference: {fileID: 0}
    - target: {fileID: 5604994846581435114, guid: ec4bdfd9756c4b34aa257a7d6cf9ec94,
        type: 3}
      propertyPath: m_LocalPosition.y
      value: 0
      objectReference: {fileID: 0}
    - target: {fileID: 5604994846581435114, guid: ec4bdfd9756c4b34aa257a7d6cf9ec94,
        type: 3}
      propertyPath: m_LocalPosition.z
      value: 0
      objectReference: {fileID: 0}
    - target: {fileID: 5604994846581435114, guid: ec4bdfd9756c4b34aa257a7d6cf9ec94,
        type: 3}
      propertyPath: m_LocalRotation.x
      value: -0
      objectReference: {fileID: 0}
    - target: {fileID: 5604994846581435114, guid: ec4bdfd9756c4b34aa257a7d6cf9ec94,
        type: 3}
      propertyPath: m_LocalRotation.y
      value: -0
      objectReference: {fileID: 0}
    - target: {fileID: 5604994846581435114, guid: ec4bdfd9756c4b34aa257a7d6cf9ec94,
        type: 3}
      propertyPath: m_LocalRotation.z
      value: -0
      objectReference: {fileID: 0}
    - target: {fileID: 5604994846581435114, guid: ec4bdfd9756c4b34aa257a7d6cf9ec94,
        type: 3}
      propertyPath: m_LocalRotation.w
      value: 1
      objectReference: {fileID: 0}
    - target: {fileID: 5604994846581435114, guid: ec4bdfd9756c4b34aa257a7d6cf9ec94,
        type: 3}
      propertyPath: m_RootOrder
      value: 1
      objectReference: {fileID: 0}
    - target: {fileID: 5604994846581435114, guid: ec4bdfd9756c4b34aa257a7d6cf9ec94,
        type: 3}
      propertyPath: m_LocalEulerAnglesHint.x
      value: 0
      objectReference: {fileID: 0}
    - target: {fileID: 5604994846581435114, guid: ec4bdfd9756c4b34aa257a7d6cf9ec94,
        type: 3}
      propertyPath: m_LocalEulerAnglesHint.y
      value: 0
      objectReference: {fileID: 0}
    - target: {fileID: 5604994846581435114, guid: ec4bdfd9756c4b34aa257a7d6cf9ec94,
        type: 3}
      propertyPath: m_LocalEulerAnglesHint.z
      value: 0
      objectReference: {fileID: 0}
    m_RemovedComponents: []
  m_SourcePrefab: {fileID: 100100000, guid: ec4bdfd9756c4b34aa257a7d6cf9ec94, type: 3}
--- !u!4 &528729864 stripped
Transform:
  m_CorrespondingSourceObject: {fileID: 5604994846581435114, guid: ec4bdfd9756c4b34aa257a7d6cf9ec94,
    type: 3}
  m_PrefabInstance: {fileID: 528729863}
  m_PrefabAsset: {fileID: 0}
--- !u!1001 &569226564
PrefabInstance:
  m_ObjectHideFlags: 0
  serializedVersion: 2
  m_Modification:
    m_TransformParent: {fileID: 594511976445345396}
    m_Modifications:
    - target: {fileID: 1266345480390400780, guid: 5d3dfd804c2a1794bb1995ab8a41426c,
        type: 3}
      propertyPath: m_Name
      value: p_Stall_25_snaps009
      objectReference: {fileID: 0}
    - target: {fileID: 1829733202807746628, guid: 5d3dfd804c2a1794bb1995ab8a41426c,
        type: 3}
      propertyPath: m_LocalPosition.x
      value: -9
      objectReference: {fileID: 0}
    - target: {fileID: 1829733202807746628, guid: 5d3dfd804c2a1794bb1995ab8a41426c,
        type: 3}
      propertyPath: m_LocalPosition.y
      value: 0
      objectReference: {fileID: 0}
    - target: {fileID: 1829733202807746628, guid: 5d3dfd804c2a1794bb1995ab8a41426c,
        type: 3}
      propertyPath: m_LocalPosition.z
      value: -5
      objectReference: {fileID: 0}
    - target: {fileID: 1829733202807746628, guid: 5d3dfd804c2a1794bb1995ab8a41426c,
        type: 3}
      propertyPath: m_LocalRotation.x
      value: -0
      objectReference: {fileID: 0}
    - target: {fileID: 1829733202807746628, guid: 5d3dfd804c2a1794bb1995ab8a41426c,
        type: 3}
      propertyPath: m_LocalRotation.y
      value: -0
      objectReference: {fileID: 0}
    - target: {fileID: 1829733202807746628, guid: 5d3dfd804c2a1794bb1995ab8a41426c,
        type: 3}
      propertyPath: m_LocalRotation.z
      value: -0
      objectReference: {fileID: 0}
    - target: {fileID: 1829733202807746628, guid: 5d3dfd804c2a1794bb1995ab8a41426c,
        type: 3}
      propertyPath: m_LocalRotation.w
      value: 1
      objectReference: {fileID: 0}
    - target: {fileID: 1829733202807746628, guid: 5d3dfd804c2a1794bb1995ab8a41426c,
        type: 3}
      propertyPath: m_RootOrder
      value: 24
      objectReference: {fileID: 0}
    - target: {fileID: 1829733202807746628, guid: 5d3dfd804c2a1794bb1995ab8a41426c,
        type: 3}
      propertyPath: m_LocalEulerAnglesHint.x
      value: 0
      objectReference: {fileID: 0}
    - target: {fileID: 1829733202807746628, guid: 5d3dfd804c2a1794bb1995ab8a41426c,
        type: 3}
      propertyPath: m_LocalEulerAnglesHint.y
      value: 0
      objectReference: {fileID: 0}
    - target: {fileID: 1829733202807746628, guid: 5d3dfd804c2a1794bb1995ab8a41426c,
        type: 3}
      propertyPath: m_LocalEulerAnglesHint.z
      value: 0
      objectReference: {fileID: 0}
    m_RemovedComponents: []
  m_SourcePrefab: {fileID: 100100000, guid: 5d3dfd804c2a1794bb1995ab8a41426c, type: 3}
--- !u!4 &569226565 stripped
Transform:
  m_CorrespondingSourceObject: {fileID: 1829733202807746628, guid: 5d3dfd804c2a1794bb1995ab8a41426c,
    type: 3}
  m_PrefabInstance: {fileID: 569226564}
  m_PrefabAsset: {fileID: 0}
--- !u!1001 &581479525
PrefabInstance:
  m_ObjectHideFlags: 0
  serializedVersion: 2
  m_Modification:
    m_TransformParent: {fileID: 594511976445345396}
    m_Modifications:
    - target: {fileID: 4919354796843558417, guid: c9f9f0f56f4665d4f9bb627edea0eac6,
        type: 3}
      propertyPath: m_Name
      value: p_Stall_15_snaps009
      objectReference: {fileID: 0}
    - target: {fileID: 4274435357874326836, guid: c9f9f0f56f4665d4f9bb627edea0eac6,
        type: 3}
      propertyPath: m_LocalPosition.x
      value: 0
      objectReference: {fileID: 0}
    - target: {fileID: 4274435357874326836, guid: c9f9f0f56f4665d4f9bb627edea0eac6,
        type: 3}
      propertyPath: m_LocalPosition.y
      value: 0
      objectReference: {fileID: 0}
    - target: {fileID: 4274435357874326836, guid: c9f9f0f56f4665d4f9bb627edea0eac6,
        type: 3}
      propertyPath: m_LocalPosition.z
      value: 0
      objectReference: {fileID: 0}
    - target: {fileID: 4274435357874326836, guid: c9f9f0f56f4665d4f9bb627edea0eac6,
        type: 3}
      propertyPath: m_LocalRotation.x
      value: -0
      objectReference: {fileID: 0}
    - target: {fileID: 4274435357874326836, guid: c9f9f0f56f4665d4f9bb627edea0eac6,
        type: 3}
      propertyPath: m_LocalRotation.y
      value: -0
      objectReference: {fileID: 0}
    - target: {fileID: 4274435357874326836, guid: c9f9f0f56f4665d4f9bb627edea0eac6,
        type: 3}
      propertyPath: m_LocalRotation.z
      value: -0
      objectReference: {fileID: 0}
    - target: {fileID: 4274435357874326836, guid: c9f9f0f56f4665d4f9bb627edea0eac6,
        type: 3}
      propertyPath: m_LocalRotation.w
      value: 1
      objectReference: {fileID: 0}
    - target: {fileID: 4274435357874326836, guid: c9f9f0f56f4665d4f9bb627edea0eac6,
        type: 3}
      propertyPath: m_RootOrder
      value: 14
      objectReference: {fileID: 0}
    - target: {fileID: 4274435357874326836, guid: c9f9f0f56f4665d4f9bb627edea0eac6,
        type: 3}
      propertyPath: m_LocalEulerAnglesHint.x
      value: 0
      objectReference: {fileID: 0}
    - target: {fileID: 4274435357874326836, guid: c9f9f0f56f4665d4f9bb627edea0eac6,
        type: 3}
      propertyPath: m_LocalEulerAnglesHint.y
      value: 0
      objectReference: {fileID: 0}
    - target: {fileID: 4274435357874326836, guid: c9f9f0f56f4665d4f9bb627edea0eac6,
        type: 3}
      propertyPath: m_LocalEulerAnglesHint.z
      value: 0
      objectReference: {fileID: 0}
    m_RemovedComponents: []
  m_SourcePrefab: {fileID: 100100000, guid: c9f9f0f56f4665d4f9bb627edea0eac6, type: 3}
--- !u!4 &581479526 stripped
Transform:
  m_CorrespondingSourceObject: {fileID: 4274435357874326836, guid: c9f9f0f56f4665d4f9bb627edea0eac6,
    type: 3}
  m_PrefabInstance: {fileID: 581479525}
  m_PrefabAsset: {fileID: 0}
--- !u!1001 &633329480
PrefabInstance:
  m_ObjectHideFlags: 0
  serializedVersion: 2
  m_Modification:
    m_TransformParent: {fileID: 594511976445345396}
    m_Modifications:
    - target: {fileID: 491703619363335568, guid: 3e88f37d0c8d31f44886df3e384cd3ae,
        type: 3}
      propertyPath: m_Name
      value: p_Stall_16_snaps009
      objectReference: {fileID: 0}
    - target: {fileID: 8569973197860446224, guid: 3e88f37d0c8d31f44886df3e384cd3ae,
        type: 3}
      propertyPath: m_LocalPosition.x
      value: 0
      objectReference: {fileID: 0}
    - target: {fileID: 8569973197860446224, guid: 3e88f37d0c8d31f44886df3e384cd3ae,
        type: 3}
      propertyPath: m_LocalPosition.y
      value: 0
      objectReference: {fileID: 0}
    - target: {fileID: 8569973197860446224, guid: 3e88f37d0c8d31f44886df3e384cd3ae,
        type: 3}
      propertyPath: m_LocalPosition.z
      value: 0
      objectReference: {fileID: 0}
    - target: {fileID: 8569973197860446224, guid: 3e88f37d0c8d31f44886df3e384cd3ae,
        type: 3}
      propertyPath: m_LocalRotation.x
      value: -0
      objectReference: {fileID: 0}
    - target: {fileID: 8569973197860446224, guid: 3e88f37d0c8d31f44886df3e384cd3ae,
        type: 3}
      propertyPath: m_LocalRotation.y
      value: -0
      objectReference: {fileID: 0}
    - target: {fileID: 8569973197860446224, guid: 3e88f37d0c8d31f44886df3e384cd3ae,
        type: 3}
      propertyPath: m_LocalRotation.z
      value: -0
      objectReference: {fileID: 0}
    - target: {fileID: 8569973197860446224, guid: 3e88f37d0c8d31f44886df3e384cd3ae,
        type: 3}
      propertyPath: m_LocalRotation.w
      value: 1
      objectReference: {fileID: 0}
    - target: {fileID: 8569973197860446224, guid: 3e88f37d0c8d31f44886df3e384cd3ae,
        type: 3}
      propertyPath: m_RootOrder
      value: 15
      objectReference: {fileID: 0}
    - target: {fileID: 8569973197860446224, guid: 3e88f37d0c8d31f44886df3e384cd3ae,
        type: 3}
      propertyPath: m_LocalEulerAnglesHint.x
      value: 0
      objectReference: {fileID: 0}
    - target: {fileID: 8569973197860446224, guid: 3e88f37d0c8d31f44886df3e384cd3ae,
        type: 3}
      propertyPath: m_LocalEulerAnglesHint.y
      value: 0
      objectReference: {fileID: 0}
    - target: {fileID: 8569973197860446224, guid: 3e88f37d0c8d31f44886df3e384cd3ae,
        type: 3}
      propertyPath: m_LocalEulerAnglesHint.z
      value: 0
      objectReference: {fileID: 0}
    m_RemovedComponents: []
  m_SourcePrefab: {fileID: 100100000, guid: 3e88f37d0c8d31f44886df3e384cd3ae, type: 3}
--- !u!4 &633329481 stripped
Transform:
  m_CorrespondingSourceObject: {fileID: 8569973197860446224, guid: 3e88f37d0c8d31f44886df3e384cd3ae,
    type: 3}
  m_PrefabInstance: {fileID: 633329480}
  m_PrefabAsset: {fileID: 0}
--- !u!1001 &742877260
PrefabInstance:
  m_ObjectHideFlags: 0
  serializedVersion: 2
  m_Modification:
    m_TransformParent: {fileID: 594511976445345396}
    m_Modifications:
    - target: {fileID: 1327817556010890008, guid: b0e4c2726782ee84091393016539362f,
        type: 3}
      propertyPath: m_Name
      value: p_Stall_19_snaps009
      objectReference: {fileID: 0}
    - target: {fileID: 374867776248983402, guid: b0e4c2726782ee84091393016539362f,
        type: 3}
      propertyPath: m_LocalPosition.x
      value: 0
      objectReference: {fileID: 0}
    - target: {fileID: 374867776248983402, guid: b0e4c2726782ee84091393016539362f,
        type: 3}
      propertyPath: m_LocalPosition.y
      value: 0
      objectReference: {fileID: 0}
    - target: {fileID: 374867776248983402, guid: b0e4c2726782ee84091393016539362f,
        type: 3}
      propertyPath: m_LocalPosition.z
      value: -11
      objectReference: {fileID: 0}
    - target: {fileID: 374867776248983402, guid: b0e4c2726782ee84091393016539362f,
        type: 3}
      propertyPath: m_LocalRotation.x
      value: -0
      objectReference: {fileID: 0}
    - target: {fileID: 374867776248983402, guid: b0e4c2726782ee84091393016539362f,
        type: 3}
      propertyPath: m_LocalRotation.y
      value: -0
      objectReference: {fileID: 0}
    - target: {fileID: 374867776248983402, guid: b0e4c2726782ee84091393016539362f,
        type: 3}
      propertyPath: m_LocalRotation.z
      value: -0
      objectReference: {fileID: 0}
    - target: {fileID: 374867776248983402, guid: b0e4c2726782ee84091393016539362f,
        type: 3}
      propertyPath: m_LocalRotation.w
      value: 1
      objectReference: {fileID: 0}
    - target: {fileID: 374867776248983402, guid: b0e4c2726782ee84091393016539362f,
        type: 3}
      propertyPath: m_RootOrder
      value: 18
      objectReference: {fileID: 0}
    - target: {fileID: 374867776248983402, guid: b0e4c2726782ee84091393016539362f,
        type: 3}
      propertyPath: m_LocalEulerAnglesHint.x
      value: 0
      objectReference: {fileID: 0}
    - target: {fileID: 374867776248983402, guid: b0e4c2726782ee84091393016539362f,
        type: 3}
      propertyPath: m_LocalEulerAnglesHint.y
      value: 0
      objectReference: {fileID: 0}
    - target: {fileID: 374867776248983402, guid: b0e4c2726782ee84091393016539362f,
        type: 3}
      propertyPath: m_LocalEulerAnglesHint.z
      value: 0
      objectReference: {fileID: 0}
    m_RemovedComponents: []
  m_SourcePrefab: {fileID: 100100000, guid: b0e4c2726782ee84091393016539362f, type: 3}
--- !u!4 &742877261 stripped
Transform:
  m_CorrespondingSourceObject: {fileID: 374867776248983402, guid: b0e4c2726782ee84091393016539362f,
    type: 3}
  m_PrefabInstance: {fileID: 742877260}
  m_PrefabAsset: {fileID: 0}
--- !u!1001 &803778979
PrefabInstance:
  m_ObjectHideFlags: 0
  serializedVersion: 2
  m_Modification:
    m_TransformParent: {fileID: 594511976445345396}
    m_Modifications:
    - target: {fileID: 4249482699572637857, guid: afe1b57fef0540740a54b9d5416cff68,
        type: 3}
      propertyPath: m_Name
      value: p_Stall_05_snaps009
      objectReference: {fileID: 0}
    - target: {fileID: 7684120289121147892, guid: afe1b57fef0540740a54b9d5416cff68,
        type: 3}
      propertyPath: m_LocalPosition.x
      value: 0
      objectReference: {fileID: 0}
    - target: {fileID: 7684120289121147892, guid: afe1b57fef0540740a54b9d5416cff68,
        type: 3}
      propertyPath: m_LocalPosition.y
      value: 0
      objectReference: {fileID: 0}
    - target: {fileID: 7684120289121147892, guid: afe1b57fef0540740a54b9d5416cff68,
        type: 3}
      propertyPath: m_LocalPosition.z
      value: 0
      objectReference: {fileID: 0}
    - target: {fileID: 7684120289121147892, guid: afe1b57fef0540740a54b9d5416cff68,
        type: 3}
      propertyPath: m_LocalRotation.x
      value: -0
      objectReference: {fileID: 0}
    - target: {fileID: 7684120289121147892, guid: afe1b57fef0540740a54b9d5416cff68,
        type: 3}
      propertyPath: m_LocalRotation.y
      value: -0
      objectReference: {fileID: 0}
    - target: {fileID: 7684120289121147892, guid: afe1b57fef0540740a54b9d5416cff68,
        type: 3}
      propertyPath: m_LocalRotation.z
      value: -0
      objectReference: {fileID: 0}
    - target: {fileID: 7684120289121147892, guid: afe1b57fef0540740a54b9d5416cff68,
        type: 3}
      propertyPath: m_LocalRotation.w
      value: 1
      objectReference: {fileID: 0}
    - target: {fileID: 7684120289121147892, guid: afe1b57fef0540740a54b9d5416cff68,
        type: 3}
      propertyPath: m_RootOrder
      value: 4
      objectReference: {fileID: 0}
    - target: {fileID: 7684120289121147892, guid: afe1b57fef0540740a54b9d5416cff68,
        type: 3}
      propertyPath: m_LocalEulerAnglesHint.x
      value: 0
      objectReference: {fileID: 0}
    - target: {fileID: 7684120289121147892, guid: afe1b57fef0540740a54b9d5416cff68,
        type: 3}
      propertyPath: m_LocalEulerAnglesHint.y
      value: 0
      objectReference: {fileID: 0}
    - target: {fileID: 7684120289121147892, guid: afe1b57fef0540740a54b9d5416cff68,
        type: 3}
      propertyPath: m_LocalEulerAnglesHint.z
      value: 0
      objectReference: {fileID: 0}
    m_RemovedComponents: []
  m_SourcePrefab: {fileID: 100100000, guid: afe1b57fef0540740a54b9d5416cff68, type: 3}
--- !u!4 &803778980 stripped
Transform:
  m_CorrespondingSourceObject: {fileID: 7684120289121147892, guid: afe1b57fef0540740a54b9d5416cff68,
    type: 3}
  m_PrefabInstance: {fileID: 803778979}
  m_PrefabAsset: {fileID: 0}
--- !u!1001 &842264382
PrefabInstance:
  m_ObjectHideFlags: 0
  serializedVersion: 2
  m_Modification:
    m_TransformParent: {fileID: 594511976445345396}
    m_Modifications:
    - target: {fileID: 187974413671839746, guid: 1a590a12f4e02314984fa040ae162af0,
        type: 3}
      propertyPath: m_Name
      value: p_Stall_13_snaps009
      objectReference: {fileID: 0}
    - target: {fileID: 48156785175841519, guid: 1a590a12f4e02314984fa040ae162af0,
        type: 3}
      propertyPath: m_LocalPosition.x
      value: 0
      objectReference: {fileID: 0}
    - target: {fileID: 48156785175841519, guid: 1a590a12f4e02314984fa040ae162af0,
        type: 3}
      propertyPath: m_LocalPosition.y
      value: 0
      objectReference: {fileID: 0}
    - target: {fileID: 48156785175841519, guid: 1a590a12f4e02314984fa040ae162af0,
        type: 3}
      propertyPath: m_LocalPosition.z
      value: 0
      objectReference: {fileID: 0}
    - target: {fileID: 48156785175841519, guid: 1a590a12f4e02314984fa040ae162af0,
        type: 3}
      propertyPath: m_LocalRotation.x
      value: -0
      objectReference: {fileID: 0}
    - target: {fileID: 48156785175841519, guid: 1a590a12f4e02314984fa040ae162af0,
        type: 3}
      propertyPath: m_LocalRotation.y
      value: -0
      objectReference: {fileID: 0}
    - target: {fileID: 48156785175841519, guid: 1a590a12f4e02314984fa040ae162af0,
        type: 3}
      propertyPath: m_LocalRotation.z
      value: -0
      objectReference: {fileID: 0}
    - target: {fileID: 48156785175841519, guid: 1a590a12f4e02314984fa040ae162af0,
        type: 3}
      propertyPath: m_LocalRotation.w
      value: 1
      objectReference: {fileID: 0}
    - target: {fileID: 48156785175841519, guid: 1a590a12f4e02314984fa040ae162af0,
        type: 3}
      propertyPath: m_RootOrder
      value: 12
      objectReference: {fileID: 0}
    - target: {fileID: 48156785175841519, guid: 1a590a12f4e02314984fa040ae162af0,
        type: 3}
      propertyPath: m_LocalEulerAnglesHint.x
      value: 0
      objectReference: {fileID: 0}
    - target: {fileID: 48156785175841519, guid: 1a590a12f4e02314984fa040ae162af0,
        type: 3}
      propertyPath: m_LocalEulerAnglesHint.y
      value: 0
      objectReference: {fileID: 0}
    - target: {fileID: 48156785175841519, guid: 1a590a12f4e02314984fa040ae162af0,
        type: 3}
      propertyPath: m_LocalEulerAnglesHint.z
      value: 0
      objectReference: {fileID: 0}
    m_RemovedComponents: []
  m_SourcePrefab: {fileID: 100100000, guid: 1a590a12f4e02314984fa040ae162af0, type: 3}
--- !u!4 &842264383 stripped
Transform:
  m_CorrespondingSourceObject: {fileID: 48156785175841519, guid: 1a590a12f4e02314984fa040ae162af0,
    type: 3}
  m_PrefabInstance: {fileID: 842264382}
  m_PrefabAsset: {fileID: 0}
--- !u!1001 &901577866
PrefabInstance:
  m_ObjectHideFlags: 0
  serializedVersion: 2
  m_Modification:
    m_TransformParent: {fileID: 594511976445345396}
    m_Modifications:
    - target: {fileID: 1831466071776428930, guid: c1b54f8f8b21e944d9041edde196af17,
        type: 3}
      propertyPath: m_Name
      value: p_Stall_04_snaps009
      objectReference: {fileID: 0}
    - target: {fileID: 8296486516901666537, guid: c1b54f8f8b21e944d9041edde196af17,
        type: 3}
      propertyPath: m_LocalPosition.x
      value: 0
      objectReference: {fileID: 0}
    - target: {fileID: 8296486516901666537, guid: c1b54f8f8b21e944d9041edde196af17,
        type: 3}
      propertyPath: m_LocalPosition.y
      value: 0
      objectReference: {fileID: 0}
    - target: {fileID: 8296486516901666537, guid: c1b54f8f8b21e944d9041edde196af17,
        type: 3}
      propertyPath: m_LocalPosition.z
      value: 0
      objectReference: {fileID: 0}
    - target: {fileID: 8296486516901666537, guid: c1b54f8f8b21e944d9041edde196af17,
        type: 3}
      propertyPath: m_LocalRotation.x
      value: -0
      objectReference: {fileID: 0}
    - target: {fileID: 8296486516901666537, guid: c1b54f8f8b21e944d9041edde196af17,
        type: 3}
      propertyPath: m_LocalRotation.y
      value: -0
      objectReference: {fileID: 0}
    - target: {fileID: 8296486516901666537, guid: c1b54f8f8b21e944d9041edde196af17,
        type: 3}
      propertyPath: m_LocalRotation.z
      value: -0
      objectReference: {fileID: 0}
    - target: {fileID: 8296486516901666537, guid: c1b54f8f8b21e944d9041edde196af17,
        type: 3}
      propertyPath: m_LocalRotation.w
      value: 1
      objectReference: {fileID: 0}
    - target: {fileID: 8296486516901666537, guid: c1b54f8f8b21e944d9041edde196af17,
        type: 3}
      propertyPath: m_RootOrder
      value: 3
      objectReference: {fileID: 0}
    - target: {fileID: 8296486516901666537, guid: c1b54f8f8b21e944d9041edde196af17,
        type: 3}
      propertyPath: m_LocalEulerAnglesHint.x
      value: 0
      objectReference: {fileID: 0}
    - target: {fileID: 8296486516901666537, guid: c1b54f8f8b21e944d9041edde196af17,
        type: 3}
      propertyPath: m_LocalEulerAnglesHint.y
      value: 0
      objectReference: {fileID: 0}
    - target: {fileID: 8296486516901666537, guid: c1b54f8f8b21e944d9041edde196af17,
        type: 3}
      propertyPath: m_LocalEulerAnglesHint.z
      value: 0
      objectReference: {fileID: 0}
    m_RemovedComponents: []
  m_SourcePrefab: {fileID: 100100000, guid: c1b54f8f8b21e944d9041edde196af17, type: 3}
--- !u!4 &901577867 stripped
Transform:
  m_CorrespondingSourceObject: {fileID: 8296486516901666537, guid: c1b54f8f8b21e944d9041edde196af17,
    type: 3}
  m_PrefabInstance: {fileID: 901577866}
  m_PrefabAsset: {fileID: 0}
--- !u!1001 &961868439
PrefabInstance:
  m_ObjectHideFlags: 0
  serializedVersion: 2
  m_Modification:
    m_TransformParent: {fileID: 594511976445345396}
    m_Modifications:
    - target: {fileID: 5251429015392313878, guid: 4bd01ad14dc2e9747947e6c3ed0bf5ff,
        type: 3}
      propertyPath: m_Name
      value: p_Stall_14_snaps009
      objectReference: {fileID: 0}
    - target: {fileID: 2947436496278777692, guid: 4bd01ad14dc2e9747947e6c3ed0bf5ff,
        type: 3}
      propertyPath: m_LocalPosition.x
      value: 0
      objectReference: {fileID: 0}
    - target: {fileID: 2947436496278777692, guid: 4bd01ad14dc2e9747947e6c3ed0bf5ff,
        type: 3}
      propertyPath: m_LocalPosition.y
      value: 0
      objectReference: {fileID: 0}
    - target: {fileID: 2947436496278777692, guid: 4bd01ad14dc2e9747947e6c3ed0bf5ff,
        type: 3}
      propertyPath: m_LocalPosition.z
      value: 0
      objectReference: {fileID: 0}
    - target: {fileID: 2947436496278777692, guid: 4bd01ad14dc2e9747947e6c3ed0bf5ff,
        type: 3}
      propertyPath: m_LocalRotation.x
      value: -0
      objectReference: {fileID: 0}
    - target: {fileID: 2947436496278777692, guid: 4bd01ad14dc2e9747947e6c3ed0bf5ff,
        type: 3}
      propertyPath: m_LocalRotation.y
      value: -0
      objectReference: {fileID: 0}
    - target: {fileID: 2947436496278777692, guid: 4bd01ad14dc2e9747947e6c3ed0bf5ff,
        type: 3}
      propertyPath: m_LocalRotation.z
      value: -0
      objectReference: {fileID: 0}
    - target: {fileID: 2947436496278777692, guid: 4bd01ad14dc2e9747947e6c3ed0bf5ff,
        type: 3}
      propertyPath: m_LocalRotation.w
      value: 1
      objectReference: {fileID: 0}
    - target: {fileID: 2947436496278777692, guid: 4bd01ad14dc2e9747947e6c3ed0bf5ff,
        type: 3}
      propertyPath: m_RootOrder
      value: 13
      objectReference: {fileID: 0}
    - target: {fileID: 2947436496278777692, guid: 4bd01ad14dc2e9747947e6c3ed0bf5ff,
        type: 3}
      propertyPath: m_LocalEulerAnglesHint.x
      value: 0
      objectReference: {fileID: 0}
    - target: {fileID: 2947436496278777692, guid: 4bd01ad14dc2e9747947e6c3ed0bf5ff,
        type: 3}
      propertyPath: m_LocalEulerAnglesHint.y
      value: 0
      objectReference: {fileID: 0}
    - target: {fileID: 2947436496278777692, guid: 4bd01ad14dc2e9747947e6c3ed0bf5ff,
        type: 3}
      propertyPath: m_LocalEulerAnglesHint.z
      value: 0
      objectReference: {fileID: 0}
    m_RemovedComponents: []
  m_SourcePrefab: {fileID: 100100000, guid: 4bd01ad14dc2e9747947e6c3ed0bf5ff, type: 3}
--- !u!4 &961868440 stripped
Transform:
  m_CorrespondingSourceObject: {fileID: 2947436496278777692, guid: 4bd01ad14dc2e9747947e6c3ed0bf5ff,
    type: 3}
  m_PrefabInstance: {fileID: 961868439}
  m_PrefabAsset: {fileID: 0}
--- !u!1001 &1050708540
PrefabInstance:
  m_ObjectHideFlags: 0
  serializedVersion: 2
  m_Modification:
    m_TransformParent: {fileID: 594511976445345396}
    m_Modifications:
    - target: {fileID: 8213643298596715035, guid: 37b37b1f7dac04c4993f39e2bb79fc72,
        type: 3}
      propertyPath: m_Name
      value: p_Stall_03_snaps009
      objectReference: {fileID: 0}
    - target: {fileID: 3416169105544876309, guid: 37b37b1f7dac04c4993f39e2bb79fc72,
        type: 3}
      propertyPath: m_LocalPosition.x
      value: 0
      objectReference: {fileID: 0}
    - target: {fileID: 3416169105544876309, guid: 37b37b1f7dac04c4993f39e2bb79fc72,
        type: 3}
      propertyPath: m_LocalPosition.y
      value: 0
      objectReference: {fileID: 0}
    - target: {fileID: 3416169105544876309, guid: 37b37b1f7dac04c4993f39e2bb79fc72,
        type: 3}
      propertyPath: m_LocalPosition.z
      value: 0
      objectReference: {fileID: 0}
    - target: {fileID: 3416169105544876309, guid: 37b37b1f7dac04c4993f39e2bb79fc72,
        type: 3}
      propertyPath: m_LocalRotation.x
      value: -0
      objectReference: {fileID: 0}
    - target: {fileID: 3416169105544876309, guid: 37b37b1f7dac04c4993f39e2bb79fc72,
        type: 3}
      propertyPath: m_LocalRotation.y
      value: -0
      objectReference: {fileID: 0}
    - target: {fileID: 3416169105544876309, guid: 37b37b1f7dac04c4993f39e2bb79fc72,
        type: 3}
      propertyPath: m_LocalRotation.z
      value: -0
      objectReference: {fileID: 0}
    - target: {fileID: 3416169105544876309, guid: 37b37b1f7dac04c4993f39e2bb79fc72,
        type: 3}
      propertyPath: m_LocalRotation.w
      value: 1
      objectReference: {fileID: 0}
    - target: {fileID: 3416169105544876309, guid: 37b37b1f7dac04c4993f39e2bb79fc72,
        type: 3}
      propertyPath: m_RootOrder
      value: 2
      objectReference: {fileID: 0}
    - target: {fileID: 3416169105544876309, guid: 37b37b1f7dac04c4993f39e2bb79fc72,
        type: 3}
      propertyPath: m_LocalEulerAnglesHint.x
      value: 0
      objectReference: {fileID: 0}
    - target: {fileID: 3416169105544876309, guid: 37b37b1f7dac04c4993f39e2bb79fc72,
        type: 3}
      propertyPath: m_LocalEulerAnglesHint.y
      value: 0
      objectReference: {fileID: 0}
    - target: {fileID: 3416169105544876309, guid: 37b37b1f7dac04c4993f39e2bb79fc72,
        type: 3}
      propertyPath: m_LocalEulerAnglesHint.z
      value: 0
      objectReference: {fileID: 0}
    m_RemovedComponents: []
  m_SourcePrefab: {fileID: 100100000, guid: 37b37b1f7dac04c4993f39e2bb79fc72, type: 3}
--- !u!4 &1050708541 stripped
Transform:
  m_CorrespondingSourceObject: {fileID: 3416169105544876309, guid: 37b37b1f7dac04c4993f39e2bb79fc72,
    type: 3}
  m_PrefabInstance: {fileID: 1050708540}
  m_PrefabAsset: {fileID: 0}
--- !u!1001 &1057894172
PrefabInstance:
  m_ObjectHideFlags: 0
  serializedVersion: 2
  m_Modification:
    m_TransformParent: {fileID: 594511976445345396}
    m_Modifications:
    - target: {fileID: 5056031047040735622, guid: ca4d2605fa0f5124e9732d696986f020,
        type: 3}
      propertyPath: m_Name
      value: p_Stall_07_snaps009
      objectReference: {fileID: 0}
    - target: {fileID: 6653210753760607688, guid: ca4d2605fa0f5124e9732d696986f020,
        type: 3}
      propertyPath: m_LocalPosition.x
      value: 0
      objectReference: {fileID: 0}
    - target: {fileID: 6653210753760607688, guid: ca4d2605fa0f5124e9732d696986f020,
        type: 3}
      propertyPath: m_LocalPosition.y
      value: 0
      objectReference: {fileID: 0}
    - target: {fileID: 6653210753760607688, guid: ca4d2605fa0f5124e9732d696986f020,
        type: 3}
      propertyPath: m_LocalPosition.z
      value: 0
      objectReference: {fileID: 0}
    - target: {fileID: 6653210753760607688, guid: ca4d2605fa0f5124e9732d696986f020,
        type: 3}
      propertyPath: m_LocalRotation.x
      value: -0
      objectReference: {fileID: 0}
    - target: {fileID: 6653210753760607688, guid: ca4d2605fa0f5124e9732d696986f020,
        type: 3}
      propertyPath: m_LocalRotation.y
      value: -0
      objectReference: {fileID: 0}
    - target: {fileID: 6653210753760607688, guid: ca4d2605fa0f5124e9732d696986f020,
        type: 3}
      propertyPath: m_LocalRotation.z
      value: -0
      objectReference: {fileID: 0}
    - target: {fileID: 6653210753760607688, guid: ca4d2605fa0f5124e9732d696986f020,
        type: 3}
      propertyPath: m_LocalRotation.w
      value: 1
      objectReference: {fileID: 0}
    - target: {fileID: 6653210753760607688, guid: ca4d2605fa0f5124e9732d696986f020,
        type: 3}
      propertyPath: m_RootOrder
      value: 6
      objectReference: {fileID: 0}
    - target: {fileID: 6653210753760607688, guid: ca4d2605fa0f5124e9732d696986f020,
        type: 3}
      propertyPath: m_LocalEulerAnglesHint.x
      value: 0
      objectReference: {fileID: 0}
    - target: {fileID: 6653210753760607688, guid: ca4d2605fa0f5124e9732d696986f020,
        type: 3}
      propertyPath: m_LocalEulerAnglesHint.y
      value: 0
      objectReference: {fileID: 0}
    - target: {fileID: 6653210753760607688, guid: ca4d2605fa0f5124e9732d696986f020,
        type: 3}
      propertyPath: m_LocalEulerAnglesHint.z
      value: 0
      objectReference: {fileID: 0}
    m_RemovedComponents: []
  m_SourcePrefab: {fileID: 100100000, guid: ca4d2605fa0f5124e9732d696986f020, type: 3}
--- !u!4 &1057894173 stripped
Transform:
  m_CorrespondingSourceObject: {fileID: 6653210753760607688, guid: ca4d2605fa0f5124e9732d696986f020,
    type: 3}
  m_PrefabInstance: {fileID: 1057894172}
  m_PrefabAsset: {fileID: 0}
--- !u!1001 &1106698099
PrefabInstance:
  m_ObjectHideFlags: 0
  serializedVersion: 2
  m_Modification:
    m_TransformParent: {fileID: 594511976445345396}
    m_Modifications:
    - target: {fileID: 6205804035990146478, guid: 780862687b7ed064898d4886d9293728,
        type: 3}
      propertyPath: m_Name
      value: p_Stall_21_snaps009
      objectReference: {fileID: 0}
    - target: {fileID: 1628402747942976443, guid: 780862687b7ed064898d4886d9293728,
        type: 3}
      propertyPath: m_LocalPosition.x
      value: 0
      objectReference: {fileID: 0}
    - target: {fileID: 1628402747942976443, guid: 780862687b7ed064898d4886d9293728,
        type: 3}
      propertyPath: m_LocalPosition.y
      value: 0
      objectReference: {fileID: 0}
    - target: {fileID: 1628402747942976443, guid: 780862687b7ed064898d4886d9293728,
        type: 3}
      propertyPath: m_LocalPosition.z
      value: 0
      objectReference: {fileID: 0}
    - target: {fileID: 1628402747942976443, guid: 780862687b7ed064898d4886d9293728,
        type: 3}
      propertyPath: m_LocalRotation.x
      value: -0
      objectReference: {fileID: 0}
    - target: {fileID: 1628402747942976443, guid: 780862687b7ed064898d4886d9293728,
        type: 3}
      propertyPath: m_LocalRotation.y
      value: -0
      objectReference: {fileID: 0}
    - target: {fileID: 1628402747942976443, guid: 780862687b7ed064898d4886d9293728,
        type: 3}
      propertyPath: m_LocalRotation.z
      value: -0
      objectReference: {fileID: 0}
    - target: {fileID: 1628402747942976443, guid: 780862687b7ed064898d4886d9293728,
        type: 3}
      propertyPath: m_LocalRotation.w
      value: 1
      objectReference: {fileID: 0}
    - target: {fileID: 1628402747942976443, guid: 780862687b7ed064898d4886d9293728,
        type: 3}
      propertyPath: m_RootOrder
      value: 20
      objectReference: {fileID: 0}
    - target: {fileID: 1628402747942976443, guid: 780862687b7ed064898d4886d9293728,
        type: 3}
      propertyPath: m_LocalEulerAnglesHint.x
      value: 0
      objectReference: {fileID: 0}
    - target: {fileID: 1628402747942976443, guid: 780862687b7ed064898d4886d9293728,
        type: 3}
      propertyPath: m_LocalEulerAnglesHint.y
      value: 0
      objectReference: {fileID: 0}
    - target: {fileID: 1628402747942976443, guid: 780862687b7ed064898d4886d9293728,
        type: 3}
      propertyPath: m_LocalEulerAnglesHint.z
      value: 0
      objectReference: {fileID: 0}
    m_RemovedComponents: []
  m_SourcePrefab: {fileID: 100100000, guid: 780862687b7ed064898d4886d9293728, type: 3}
--- !u!4 &1106698100 stripped
Transform:
  m_CorrespondingSourceObject: {fileID: 1628402747942976443, guid: 780862687b7ed064898d4886d9293728,
    type: 3}
  m_PrefabInstance: {fileID: 1106698099}
  m_PrefabAsset: {fileID: 0}
--- !u!1 &1132582224
GameObject:
  m_ObjectHideFlags: 0
  m_CorrespondingSourceObject: {fileID: 0}
  m_PrefabInstance: {fileID: 0}
  m_PrefabAsset: {fileID: 0}
  serializedVersion: 6
  m_Component:
  - component: {fileID: 1132582226}
  - component: {fileID: 1132582225}
  m_Layer: 0
  m_Name: Directional Light
  m_TagString: Untagged
  m_Icon: {fileID: 0}
  m_NavMeshLayer: 0
  m_StaticEditorFlags: 0
  m_IsActive: 1
--- !u!108 &1132582225
Light:
  m_ObjectHideFlags: 0
  m_CorrespondingSourceObject: {fileID: 0}
  m_PrefabInstance: {fileID: 0}
  m_PrefabAsset: {fileID: 0}
  m_GameObject: {fileID: 1132582224}
  m_Enabled: 1
  serializedVersion: 8
  m_Type: 1
  m_Color: {r: 1, g: 1, b: 1, a: 1}
  m_Intensity: 1
  m_Range: 10
  m_SpotAngle: 30
  m_CookieSize: 10
  m_Shadows:
    m_Type: 0
    m_Resolution: -1
    m_CustomResolution: -1
    m_Strength: 1
    m_Bias: 0.05
    m_NormalBias: 0.4
    m_NearPlane: 0.2
  m_Cookie: {fileID: 0}
  m_DrawHalo: 0
  m_Flare: {fileID: 0}
  m_RenderMode: 0
  m_CullingMask:
    serializedVersion: 2
    m_Bits: 4294967295
  m_Lightmapping: 4
  m_LightShadowCasterMode: 0
  m_AreaSize: {x: 1, y: 1}
  m_BounceIntensity: 1
  m_ColorTemperature: 6570
  m_UseColorTemperature: 0
  m_ShadowRadius: 0
  m_ShadowAngle: 0
--- !u!4 &1132582226
Transform:
  m_ObjectHideFlags: 0
  m_CorrespondingSourceObject: {fileID: 0}
  m_PrefabInstance: {fileID: 0}
  m_PrefabAsset: {fileID: 0}
  m_GameObject: {fileID: 1132582224}
  m_LocalRotation: {x: 0.40821788, y: -0.23456968, z: 0.10938163, w: 0.8754261}
  m_LocalPosition: {x: -29.79754, y: 5.38627, z: -39.552574}
  m_LocalScale: {x: 1, y: 1, z: 1}
  m_Children: []
  m_Father: {fileID: 0}
  m_RootOrder: 0
  m_LocalEulerAnglesHint: {x: 50, y: -30, z: 0}
--- !u!1001 &1137849132
PrefabInstance:
  m_ObjectHideFlags: 0
  serializedVersion: 2
  m_Modification:
    m_TransformParent: {fileID: 594511976445345396}
    m_Modifications:
    - target: {fileID: 8713277090073398143, guid: 614ad67e20aaa18478703165fa8a5d3d,
        type: 3}
      propertyPath: m_Name
      value: p_Stall_08_snaps009
      objectReference: {fileID: 0}
    - target: {fileID: 4459821967014532805, guid: 614ad67e20aaa18478703165fa8a5d3d,
        type: 3}
      propertyPath: m_LocalPosition.x
      value: -1
      objectReference: {fileID: 0}
    - target: {fileID: 4459821967014532805, guid: 614ad67e20aaa18478703165fa8a5d3d,
        type: 3}
      propertyPath: m_LocalPosition.y
      value: 0
      objectReference: {fileID: 0}
    - target: {fileID: 4459821967014532805, guid: 614ad67e20aaa18478703165fa8a5d3d,
        type: 3}
      propertyPath: m_LocalPosition.z
      value: -1
      objectReference: {fileID: 0}
    - target: {fileID: 4459821967014532805, guid: 614ad67e20aaa18478703165fa8a5d3d,
        type: 3}
      propertyPath: m_LocalRotation.x
      value: 0
      objectReference: {fileID: 0}
    - target: {fileID: 4459821967014532805, guid: 614ad67e20aaa18478703165fa8a5d3d,
        type: 3}
      propertyPath: m_LocalRotation.y
      value: 0
      objectReference: {fileID: 0}
    - target: {fileID: 4459821967014532805, guid: 614ad67e20aaa18478703165fa8a5d3d,
        type: 3}
      propertyPath: m_LocalRotation.z
      value: 0
      objectReference: {fileID: 0}
    - target: {fileID: 4459821967014532805, guid: 614ad67e20aaa18478703165fa8a5d3d,
        type: 3}
      propertyPath: m_LocalRotation.w
      value: 1
      objectReference: {fileID: 0}
    - target: {fileID: 4459821967014532805, guid: 614ad67e20aaa18478703165fa8a5d3d,
        type: 3}
      propertyPath: m_RootOrder
      value: 7
      objectReference: {fileID: 0}
    - target: {fileID: 4459821967014532805, guid: 614ad67e20aaa18478703165fa8a5d3d,
        type: 3}
      propertyPath: m_LocalEulerAnglesHint.x
      value: 0
      objectReference: {fileID: 0}
    - target: {fileID: 4459821967014532805, guid: 614ad67e20aaa18478703165fa8a5d3d,
        type: 3}
      propertyPath: m_LocalEulerAnglesHint.y
      value: 0
      objectReference: {fileID: 0}
    - target: {fileID: 4459821967014532805, guid: 614ad67e20aaa18478703165fa8a5d3d,
        type: 3}
      propertyPath: m_LocalEulerAnglesHint.z
      value: 0
      objectReference: {fileID: 0}
    m_RemovedComponents: []
  m_SourcePrefab: {fileID: 100100000, guid: 614ad67e20aaa18478703165fa8a5d3d, type: 3}
--- !u!4 &1137849133 stripped
Transform:
  m_CorrespondingSourceObject: {fileID: 4459821967014532805, guid: 614ad67e20aaa18478703165fa8a5d3d,
    type: 3}
  m_PrefabInstance: {fileID: 1137849132}
  m_PrefabAsset: {fileID: 0}
--- !u!1001 &1180847902
PrefabInstance:
  m_ObjectHideFlags: 0
  serializedVersion: 2
  m_Modification:
    m_TransformParent: {fileID: 594511976445345396}
    m_Modifications:
    - target: {fileID: 8326143724001849773, guid: 707bf601f20d64942a67f8614e84ba15,
        type: 3}
      propertyPath: m_Name
      value: p_Stall_06_snaps009
      objectReference: {fileID: 0}
    - target: {fileID: 6432150056502484253, guid: 707bf601f20d64942a67f8614e84ba15,
        type: 3}
      propertyPath: m_LocalPosition.x
      value: 26
      objectReference: {fileID: 0}
    - target: {fileID: 6432150056502484253, guid: 707bf601f20d64942a67f8614e84ba15,
        type: 3}
      propertyPath: m_LocalPosition.y
      value: 0
      objectReference: {fileID: 0}
    - target: {fileID: 6432150056502484253, guid: 707bf601f20d64942a67f8614e84ba15,
        type: 3}
      propertyPath: m_LocalPosition.z
      value: -38
      objectReference: {fileID: 0}
    - target: {fileID: 6432150056502484253, guid: 707bf601f20d64942a67f8614e84ba15,
        type: 3}
      propertyPath: m_LocalRotation.x
      value: -0
      objectReference: {fileID: 0}
    - target: {fileID: 6432150056502484253, guid: 707bf601f20d64942a67f8614e84ba15,
        type: 3}
      propertyPath: m_LocalRotation.y
      value: -0
      objectReference: {fileID: 0}
    - target: {fileID: 6432150056502484253, guid: 707bf601f20d64942a67f8614e84ba15,
        type: 3}
      propertyPath: m_LocalRotation.z
      value: -0
      objectReference: {fileID: 0}
    - target: {fileID: 6432150056502484253, guid: 707bf601f20d64942a67f8614e84ba15,
        type: 3}
      propertyPath: m_LocalRotation.w
      value: 1
      objectReference: {fileID: 0}
    - target: {fileID: 6432150056502484253, guid: 707bf601f20d64942a67f8614e84ba15,
        type: 3}
      propertyPath: m_RootOrder
      value: 5
      objectReference: {fileID: 0}
    - target: {fileID: 6432150056502484253, guid: 707bf601f20d64942a67f8614e84ba15,
        type: 3}
      propertyPath: m_LocalEulerAnglesHint.x
      value: 0
      objectReference: {fileID: 0}
    - target: {fileID: 6432150056502484253, guid: 707bf601f20d64942a67f8614e84ba15,
        type: 3}
      propertyPath: m_LocalEulerAnglesHint.y
      value: 0
      objectReference: {fileID: 0}
    - target: {fileID: 6432150056502484253, guid: 707bf601f20d64942a67f8614e84ba15,
        type: 3}
      propertyPath: m_LocalEulerAnglesHint.z
      value: 0
      objectReference: {fileID: 0}
    m_RemovedComponents: []
  m_SourcePrefab: {fileID: 100100000, guid: 707bf601f20d64942a67f8614e84ba15, type: 3}
--- !u!4 &1180847903 stripped
Transform:
  m_CorrespondingSourceObject: {fileID: 6432150056502484253, guid: 707bf601f20d64942a67f8614e84ba15,
    type: 3}
  m_PrefabInstance: {fileID: 1180847902}
  m_PrefabAsset: {fileID: 0}
--- !u!1001 &1211748124
PrefabInstance:
  m_ObjectHideFlags: 0
  serializedVersion: 2
  m_Modification:
    m_TransformParent: {fileID: 594511976445345396}
    m_Modifications:
    - target: {fileID: 2827676834292539657, guid: 6f191c8a64912da4c98269cf17cd9984,
        type: 3}
      propertyPath: m_Name
      value: p_Stall_24_snaps009
      objectReference: {fileID: 0}
    - target: {fileID: 8933127342434118997, guid: 6f191c8a64912da4c98269cf17cd9984,
        type: 3}
      propertyPath: m_LocalPosition.x
      value: 0
      objectReference: {fileID: 0}
    - target: {fileID: 8933127342434118997, guid: 6f191c8a64912da4c98269cf17cd9984,
        type: 3}
      propertyPath: m_LocalPosition.y
      value: 0
      objectReference: {fileID: 0}
    - target: {fileID: 8933127342434118997, guid: 6f191c8a64912da4c98269cf17cd9984,
        type: 3}
      propertyPath: m_LocalPosition.z
      value: 0
      objectReference: {fileID: 0}
    - target: {fileID: 8933127342434118997, guid: 6f191c8a64912da4c98269cf17cd9984,
        type: 3}
      propertyPath: m_LocalRotation.x
      value: -0
      objectReference: {fileID: 0}
    - target: {fileID: 8933127342434118997, guid: 6f191c8a64912da4c98269cf17cd9984,
        type: 3}
      propertyPath: m_LocalRotation.y
      value: -0
      objectReference: {fileID: 0}
    - target: {fileID: 8933127342434118997, guid: 6f191c8a64912da4c98269cf17cd9984,
        type: 3}
      propertyPath: m_LocalRotation.z
      value: -0
      objectReference: {fileID: 0}
    - target: {fileID: 8933127342434118997, guid: 6f191c8a64912da4c98269cf17cd9984,
        type: 3}
      propertyPath: m_LocalRotation.w
      value: 1
      objectReference: {fileID: 0}
    - target: {fileID: 8933127342434118997, guid: 6f191c8a64912da4c98269cf17cd9984,
        type: 3}
      propertyPath: m_RootOrder
      value: 23
      objectReference: {fileID: 0}
    - target: {fileID: 8933127342434118997, guid: 6f191c8a64912da4c98269cf17cd9984,
        type: 3}
      propertyPath: m_LocalEulerAnglesHint.x
      value: 0
      objectReference: {fileID: 0}
    - target: {fileID: 8933127342434118997, guid: 6f191c8a64912da4c98269cf17cd9984,
        type: 3}
      propertyPath: m_LocalEulerAnglesHint.y
      value: 0
      objectReference: {fileID: 0}
    - target: {fileID: 8933127342434118997, guid: 6f191c8a64912da4c98269cf17cd9984,
        type: 3}
      propertyPath: m_LocalEulerAnglesHint.z
      value: 0
      objectReference: {fileID: 0}
    m_RemovedComponents: []
  m_SourcePrefab: {fileID: 100100000, guid: 6f191c8a64912da4c98269cf17cd9984, type: 3}
--- !u!4 &1211748125 stripped
Transform:
  m_CorrespondingSourceObject: {fileID: 8933127342434118997, guid: 6f191c8a64912da4c98269cf17cd9984,
    type: 3}
  m_PrefabInstance: {fileID: 1211748124}
  m_PrefabAsset: {fileID: 0}
--- !u!1001 &1398150888
PrefabInstance:
  m_ObjectHideFlags: 0
  serializedVersion: 2
  m_Modification:
    m_TransformParent: {fileID: 594511976445345396}
    m_Modifications:
    - target: {fileID: 7829608082674749694, guid: 9ea594c81f0cea346b4bcee301bba9ab,
        type: 3}
      propertyPath: m_Name
      value: p_Stall_22_snaps009
      objectReference: {fileID: 0}
    - target: {fileID: 333889057553582065, guid: 9ea594c81f0cea346b4bcee301bba9ab,
        type: 3}
      propertyPath: m_LocalPosition.x
      value: 0
      objectReference: {fileID: 0}
    - target: {fileID: 333889057553582065, guid: 9ea594c81f0cea346b4bcee301bba9ab,
        type: 3}
      propertyPath: m_LocalPosition.y
      value: 0
      objectReference: {fileID: 0}
    - target: {fileID: 333889057553582065, guid: 9ea594c81f0cea346b4bcee301bba9ab,
        type: 3}
      propertyPath: m_LocalPosition.z
      value: 0
      objectReference: {fileID: 0}
    - target: {fileID: 333889057553582065, guid: 9ea594c81f0cea346b4bcee301bba9ab,
        type: 3}
      propertyPath: m_LocalRotation.x
      value: -0
      objectReference: {fileID: 0}
    - target: {fileID: 333889057553582065, guid: 9ea594c81f0cea346b4bcee301bba9ab,
        type: 3}
      propertyPath: m_LocalRotation.y
      value: -0
      objectReference: {fileID: 0}
    - target: {fileID: 333889057553582065, guid: 9ea594c81f0cea346b4bcee301bba9ab,
        type: 3}
      propertyPath: m_LocalRotation.z
      value: -0
      objectReference: {fileID: 0}
    - target: {fileID: 333889057553582065, guid: 9ea594c81f0cea346b4bcee301bba9ab,
        type: 3}
      propertyPath: m_LocalRotation.w
      value: 1
      objectReference: {fileID: 0}
    - target: {fileID: 333889057553582065, guid: 9ea594c81f0cea346b4bcee301bba9ab,
        type: 3}
      propertyPath: m_RootOrder
      value: 21
      objectReference: {fileID: 0}
    - target: {fileID: 333889057553582065, guid: 9ea594c81f0cea346b4bcee301bba9ab,
        type: 3}
      propertyPath: m_LocalEulerAnglesHint.x
      value: 0
      objectReference: {fileID: 0}
    - target: {fileID: 333889057553582065, guid: 9ea594c81f0cea346b4bcee301bba9ab,
        type: 3}
      propertyPath: m_LocalEulerAnglesHint.y
      value: 0
      objectReference: {fileID: 0}
    - target: {fileID: 333889057553582065, guid: 9ea594c81f0cea346b4bcee301bba9ab,
        type: 3}
      propertyPath: m_LocalEulerAnglesHint.z
      value: 0
      objectReference: {fileID: 0}
    m_RemovedComponents: []
  m_SourcePrefab: {fileID: 100100000, guid: 9ea594c81f0cea346b4bcee301bba9ab, type: 3}
--- !u!4 &1398150889 stripped
Transform:
  m_CorrespondingSourceObject: {fileID: 333889057553582065, guid: 9ea594c81f0cea346b4bcee301bba9ab,
    type: 3}
  m_PrefabInstance: {fileID: 1398150888}
  m_PrefabAsset: {fileID: 0}
--- !u!1001 &1511075176
PrefabInstance:
  m_ObjectHideFlags: 0
  serializedVersion: 2
  m_Modification:
    m_TransformParent: {fileID: 594511976445345396}
    m_Modifications:
    - target: {fileID: 6207994657016871717, guid: 30c6cc33459a8754f83d65395774010f,
        type: 3}
      propertyPath: m_Name
      value: p_Stall_18_snaps009
      objectReference: {fileID: 0}
    - target: {fileID: 1830165736288433021, guid: 30c6cc33459a8754f83d65395774010f,
        type: 3}
      propertyPath: m_LocalPosition.x
      value: 0
      objectReference: {fileID: 0}
    - target: {fileID: 1830165736288433021, guid: 30c6cc33459a8754f83d65395774010f,
        type: 3}
      propertyPath: m_LocalPosition.y
      value: 0
      objectReference: {fileID: 0}
    - target: {fileID: 1830165736288433021, guid: 30c6cc33459a8754f83d65395774010f,
        type: 3}
      propertyPath: m_LocalPosition.z
      value: -9
      objectReference: {fileID: 0}
    - target: {fileID: 1830165736288433021, guid: 30c6cc33459a8754f83d65395774010f,
        type: 3}
      propertyPath: m_LocalRotation.x
      value: -0
      objectReference: {fileID: 0}
    - target: {fileID: 1830165736288433021, guid: 30c6cc33459a8754f83d65395774010f,
        type: 3}
      propertyPath: m_LocalRotation.y
      value: -0
      objectReference: {fileID: 0}
    - target: {fileID: 1830165736288433021, guid: 30c6cc33459a8754f83d65395774010f,
        type: 3}
      propertyPath: m_LocalRotation.z
      value: -0
      objectReference: {fileID: 0}
    - target: {fileID: 1830165736288433021, guid: 30c6cc33459a8754f83d65395774010f,
        type: 3}
      propertyPath: m_LocalRotation.w
      value: 1
      objectReference: {fileID: 0}
    - target: {fileID: 1830165736288433021, guid: 30c6cc33459a8754f83d65395774010f,
        type: 3}
      propertyPath: m_RootOrder
      value: 17
      objectReference: {fileID: 0}
    - target: {fileID: 1830165736288433021, guid: 30c6cc33459a8754f83d65395774010f,
        type: 3}
      propertyPath: m_LocalEulerAnglesHint.x
      value: 0
      objectReference: {fileID: 0}
    - target: {fileID: 1830165736288433021, guid: 30c6cc33459a8754f83d65395774010f,
        type: 3}
      propertyPath: m_LocalEulerAnglesHint.y
      value: 0
      objectReference: {fileID: 0}
    - target: {fileID: 1830165736288433021, guid: 30c6cc33459a8754f83d65395774010f,
        type: 3}
      propertyPath: m_LocalEulerAnglesHint.z
      value: 0
      objectReference: {fileID: 0}
    m_RemovedComponents: []
  m_SourcePrefab: {fileID: 100100000, guid: 30c6cc33459a8754f83d65395774010f, type: 3}
--- !u!4 &1511075177 stripped
Transform:
  m_CorrespondingSourceObject: {fileID: 1830165736288433021, guid: 30c6cc33459a8754f83d65395774010f,
    type: 3}
  m_PrefabInstance: {fileID: 1511075176}
  m_PrefabAsset: {fileID: 0}
--- !u!1001 &1664804428
PrefabInstance:
  m_ObjectHideFlags: 0
  serializedVersion: 2
  m_Modification:
    m_TransformParent: {fileID: 594511976445345396}
    m_Modifications:
    - target: {fileID: 703170039891840320, guid: 3e4dfa403dfb9484ba22010dcf2d8a60,
        type: 3}
      propertyPath: m_Name
      value: p_Stall_23_snaps009
      objectReference: {fileID: 0}
    - target: {fileID: 5605043003782279975, guid: 3e4dfa403dfb9484ba22010dcf2d8a60,
        type: 3}
      propertyPath: m_LocalPosition.x
      value: 0
      objectReference: {fileID: 0}
    - target: {fileID: 5605043003782279975, guid: 3e4dfa403dfb9484ba22010dcf2d8a60,
        type: 3}
      propertyPath: m_LocalPosition.y
      value: 0
      objectReference: {fileID: 0}
    - target: {fileID: 5605043003782279975, guid: 3e4dfa403dfb9484ba22010dcf2d8a60,
        type: 3}
      propertyPath: m_LocalPosition.z
      value: 0
      objectReference: {fileID: 0}
    - target: {fileID: 5605043003782279975, guid: 3e4dfa403dfb9484ba22010dcf2d8a60,
        type: 3}
      propertyPath: m_LocalRotation.x
      value: -0
      objectReference: {fileID: 0}
    - target: {fileID: 5605043003782279975, guid: 3e4dfa403dfb9484ba22010dcf2d8a60,
        type: 3}
      propertyPath: m_LocalRotation.y
      value: -0
      objectReference: {fileID: 0}
    - target: {fileID: 5605043003782279975, guid: 3e4dfa403dfb9484ba22010dcf2d8a60,
        type: 3}
      propertyPath: m_LocalRotation.z
      value: -0
      objectReference: {fileID: 0}
    - target: {fileID: 5605043003782279975, guid: 3e4dfa403dfb9484ba22010dcf2d8a60,
        type: 3}
      propertyPath: m_LocalRotation.w
      value: 1
      objectReference: {fileID: 0}
    - target: {fileID: 5605043003782279975, guid: 3e4dfa403dfb9484ba22010dcf2d8a60,
        type: 3}
      propertyPath: m_RootOrder
      value: 22
      objectReference: {fileID: 0}
    - target: {fileID: 5605043003782279975, guid: 3e4dfa403dfb9484ba22010dcf2d8a60,
        type: 3}
      propertyPath: m_LocalEulerAnglesHint.x
      value: 0
      objectReference: {fileID: 0}
    - target: {fileID: 5605043003782279975, guid: 3e4dfa403dfb9484ba22010dcf2d8a60,
        type: 3}
      propertyPath: m_LocalEulerAnglesHint.y
      value: 0
      objectReference: {fileID: 0}
    - target: {fileID: 5605043003782279975, guid: 3e4dfa403dfb9484ba22010dcf2d8a60,
        type: 3}
      propertyPath: m_LocalEulerAnglesHint.z
      value: 0
      objectReference: {fileID: 0}
    m_RemovedComponents: []
  m_SourcePrefab: {fileID: 100100000, guid: 3e4dfa403dfb9484ba22010dcf2d8a60, type: 3}
--- !u!4 &1664804429 stripped
Transform:
  m_CorrespondingSourceObject: {fileID: 5605043003782279975, guid: 3e4dfa403dfb9484ba22010dcf2d8a60,
    type: 3}
  m_PrefabInstance: {fileID: 1664804428}
  m_PrefabAsset: {fileID: 0}
--- !u!1001 &1698170512
PrefabInstance:
  m_ObjectHideFlags: 0
  serializedVersion: 2
  m_Modification:
    m_TransformParent: {fileID: 594511976445345396}
    m_Modifications:
    - target: {fileID: 7681954497304300525, guid: 69143e01885556c478e251400b19ad86,
        type: 3}
      propertyPath: m_Name
      value: p_Stall_09_snaps009
      objectReference: {fileID: 0}
    - target: {fileID: 6099369612567475048, guid: 69143e01885556c478e251400b19ad86,
        type: 3}
      propertyPath: m_LocalPosition.x
      value: 0
      objectReference: {fileID: 0}
    - target: {fileID: 6099369612567475048, guid: 69143e01885556c478e251400b19ad86,
        type: 3}
      propertyPath: m_LocalPosition.y
      value: 0
      objectReference: {fileID: 0}
    - target: {fileID: 6099369612567475048, guid: 69143e01885556c478e251400b19ad86,
        type: 3}
      propertyPath: m_LocalPosition.z
      value: 0
      objectReference: {fileID: 0}
    - target: {fileID: 6099369612567475048, guid: 69143e01885556c478e251400b19ad86,
        type: 3}
      propertyPath: m_LocalRotation.x
      value: -0
      objectReference: {fileID: 0}
    - target: {fileID: 6099369612567475048, guid: 69143e01885556c478e251400b19ad86,
        type: 3}
      propertyPath: m_LocalRotation.y
      value: -0
      objectReference: {fileID: 0}
    - target: {fileID: 6099369612567475048, guid: 69143e01885556c478e251400b19ad86,
        type: 3}
      propertyPath: m_LocalRotation.z
      value: -0
      objectReference: {fileID: 0}
    - target: {fileID: 6099369612567475048, guid: 69143e01885556c478e251400b19ad86,
        type: 3}
      propertyPath: m_LocalRotation.w
      value: 1
      objectReference: {fileID: 0}
    - target: {fileID: 6099369612567475048, guid: 69143e01885556c478e251400b19ad86,
        type: 3}
      propertyPath: m_RootOrder
      value: 8
      objectReference: {fileID: 0}
    - target: {fileID: 6099369612567475048, guid: 69143e01885556c478e251400b19ad86,
        type: 3}
      propertyPath: m_LocalEulerAnglesHint.x
      value: 0
      objectReference: {fileID: 0}
    - target: {fileID: 6099369612567475048, guid: 69143e01885556c478e251400b19ad86,
        type: 3}
      propertyPath: m_LocalEulerAnglesHint.y
      value: 0
      objectReference: {fileID: 0}
    - target: {fileID: 6099369612567475048, guid: 69143e01885556c478e251400b19ad86,
        type: 3}
      propertyPath: m_LocalEulerAnglesHint.z
      value: 0
      objectReference: {fileID: 0}
    m_RemovedComponents: []
  m_SourcePrefab: {fileID: 100100000, guid: 69143e01885556c478e251400b19ad86, type: 3}
--- !u!4 &1698170513 stripped
Transform:
  m_CorrespondingSourceObject: {fileID: 6099369612567475048, guid: 69143e01885556c478e251400b19ad86,
    type: 3}
  m_PrefabInstance: {fileID: 1698170512}
  m_PrefabAsset: {fileID: 0}
--- !u!1 &1912995062
GameObject:
  m_ObjectHideFlags: 0
  m_CorrespondingSourceObject: {fileID: 0}
  m_PrefabInstance: {fileID: 0}
  m_PrefabAsset: {fileID: 0}
  serializedVersion: 6
  m_Component:
  - component: {fileID: 1912995065}
  - component: {fileID: 1912995064}
  - component: {fileID: 1912995063}
  m_Layer: 0
  m_Name: Camera
  m_TagString: Untagged
  m_Icon: {fileID: 0}
  m_NavMeshLayer: 0
  m_StaticEditorFlags: 0
  m_IsActive: 1
--- !u!81 &1912995063
AudioListener:
  m_ObjectHideFlags: 0
  m_CorrespondingSourceObject: {fileID: 0}
  m_PrefabInstance: {fileID: 0}
  m_PrefabAsset: {fileID: 0}
  m_GameObject: {fileID: 1912995062}
  m_Enabled: 1
--- !u!20 &1912995064
Camera:
  m_ObjectHideFlags: 0
  m_CorrespondingSourceObject: {fileID: 0}
  m_PrefabInstance: {fileID: 0}
  m_PrefabAsset: {fileID: 0}
  m_GameObject: {fileID: 1912995062}
  m_Enabled: 1
  serializedVersion: 2
  m_ClearFlags: 1
  m_BackGroundColor: {r: 0.3210662, g: 0.3443794, b: 0.3490566, a: 0}
  m_projectionMatrixMode: 1
  m_SensorSize: {x: 36, y: 24}
  m_LensShift: {x: 0, y: 0}
  m_GateFitMode: 2
  m_FocalLength: 50
  m_NormalizedViewPortRect:
    serializedVersion: 2
    x: 0
    y: 0
    width: 1
    height: 1
  near clip plane: 0.3
  far clip plane: 1000
  field of view: 60
  orthographic: 0
  orthographic size: 5
  m_Depth: 0
  m_CullingMask:
    serializedVersion: 2
    m_Bits: 4294967295
  m_RenderingPath: -1
  m_TargetTexture: {fileID: 0}
  m_TargetDisplay: 0
  m_TargetEye: 3
  m_HDR: 1
  m_AllowMSAA: 1
  m_AllowDynamicResolution: 0
  m_ForceIntoRT: 0
  m_OcclusionCulling: 1
  m_StereoConvergence: 10
  m_StereoSeparation: 0.022
--- !u!4 &1912995065
Transform:
  m_ObjectHideFlags: 0
  m_CorrespondingSourceObject: {fileID: 0}
  m_PrefabInstance: {fileID: 0}
  m_PrefabAsset: {fileID: 0}
  m_GameObject: {fileID: 1912995062}
  m_LocalRotation: {x: 0.18056625, y: -0.79081935, z: 0.2773506, w: 0.51485664}
  m_LocalPosition: {x: 18.239405, y: 41.518337, z: -16.049309}
  m_LocalScale: {x: 1, y: 1, z: 1}
  m_Children: []
  m_Father: {fileID: 0}
  m_RootOrder: 1
  m_LocalEulerAnglesHint: {x: 0, y: 0, z: 0}
--- !u!1001 &1926554262
PrefabInstance:
  m_ObjectHideFlags: 0
  serializedVersion: 2
  m_Modification:
    m_TransformParent: {fileID: 594511976445345396}
    m_Modifications:
    - target: {fileID: 2205236595852074503, guid: f8bf3b21b9859ea4ba03674a7573777d,
        type: 3}
      propertyPath: m_Name
      value: p_Stall_10_snaps009
      objectReference: {fileID: 0}
    - target: {fileID: 8999059808097451050, guid: f8bf3b21b9859ea4ba03674a7573777d,
        type: 3}
      propertyPath: m_LocalPosition.x
      value: 0
      objectReference: {fileID: 0}
    - target: {fileID: 8999059808097451050, guid: f8bf3b21b9859ea4ba03674a7573777d,
        type: 3}
      propertyPath: m_LocalPosition.y
      value: 0
      objectReference: {fileID: 0}
    - target: {fileID: 8999059808097451050, guid: f8bf3b21b9859ea4ba03674a7573777d,
        type: 3}
      propertyPath: m_LocalPosition.z
      value: 0
      objectReference: {fileID: 0}
    - target: {fileID: 8999059808097451050, guid: f8bf3b21b9859ea4ba03674a7573777d,
        type: 3}
      propertyPath: m_LocalRotation.x
      value: -0
      objectReference: {fileID: 0}
    - target: {fileID: 8999059808097451050, guid: f8bf3b21b9859ea4ba03674a7573777d,
        type: 3}
      propertyPath: m_LocalRotation.y
      value: -0
      objectReference: {fileID: 0}
    - target: {fileID: 8999059808097451050, guid: f8bf3b21b9859ea4ba03674a7573777d,
        type: 3}
      propertyPath: m_LocalRotation.z
      value: -0
      objectReference: {fileID: 0}
    - target: {fileID: 8999059808097451050, guid: f8bf3b21b9859ea4ba03674a7573777d,
        type: 3}
      propertyPath: m_LocalRotation.w
      value: 1
      objectReference: {fileID: 0}
    - target: {fileID: 8999059808097451050, guid: f8bf3b21b9859ea4ba03674a7573777d,
        type: 3}
      propertyPath: m_RootOrder
      value: 9
      objectReference: {fileID: 0}
    - target: {fileID: 8999059808097451050, guid: f8bf3b21b9859ea4ba03674a7573777d,
        type: 3}
      propertyPath: m_LocalEulerAnglesHint.x
      value: 0
      objectReference: {fileID: 0}
    - target: {fileID: 8999059808097451050, guid: f8bf3b21b9859ea4ba03674a7573777d,
        type: 3}
      propertyPath: m_LocalEulerAnglesHint.y
      value: 0
      objectReference: {fileID: 0}
    - target: {fileID: 8999059808097451050, guid: f8bf3b21b9859ea4ba03674a7573777d,
        type: 3}
      propertyPath: m_LocalEulerAnglesHint.z
      value: 0
      objectReference: {fileID: 0}
    m_RemovedComponents: []
  m_SourcePrefab: {fileID: 100100000, guid: f8bf3b21b9859ea4ba03674a7573777d, type: 3}
--- !u!4 &1926554263 stripped
Transform:
  m_CorrespondingSourceObject: {fileID: 8999059808097451050, guid: f8bf3b21b9859ea4ba03674a7573777d,
    type: 3}
  m_PrefabInstance: {fileID: 1926554262}
  m_PrefabAsset: {fileID: 0}
--- !u!1001 &2091404101
PrefabInstance:
  m_ObjectHideFlags: 0
  serializedVersion: 2
  m_Modification:
    m_TransformParent: {fileID: 594511976445345396}
    m_Modifications:
    - target: {fileID: 6395753357711226110, guid: 0536f27d854acf246abfd34986eaf5b3,
        type: 3}
      propertyPath: m_Name
      value: p_Stall_20_snaps009
      objectReference: {fileID: 0}
    - target: {fileID: 2087997037742054323, guid: 0536f27d854acf246abfd34986eaf5b3,
        type: 3}
      propertyPath: m_LocalPosition.x
      value: -4
      objectReference: {fileID: 0}
    - target: {fileID: 2087997037742054323, guid: 0536f27d854acf246abfd34986eaf5b3,
        type: 3}
      propertyPath: m_LocalPosition.y
      value: 0
      objectReference: {fileID: 0}
    - target: {fileID: 2087997037742054323, guid: 0536f27d854acf246abfd34986eaf5b3,
        type: 3}
      propertyPath: m_LocalPosition.z
      value: 4
      objectReference: {fileID: 0}
    - target: {fileID: 2087997037742054323, guid: 0536f27d854acf246abfd34986eaf5b3,
        type: 3}
      propertyPath: m_LocalRotation.x
      value: -0
      objectReference: {fileID: 0}
    - target: {fileID: 2087997037742054323, guid: 0536f27d854acf246abfd34986eaf5b3,
        type: 3}
      propertyPath: m_LocalRotation.y
      value: -0
      objectReference: {fileID: 0}
    - target: {fileID: 2087997037742054323, guid: 0536f27d854acf246abfd34986eaf5b3,
        type: 3}
      propertyPath: m_LocalRotation.z
      value: -0
      objectReference: {fileID: 0}
    - target: {fileID: 2087997037742054323, guid: 0536f27d854acf246abfd34986eaf5b3,
        type: 3}
      propertyPath: m_LocalRotation.w
      value: 1
      objectReference: {fileID: 0}
    - target: {fileID: 2087997037742054323, guid: 0536f27d854acf246abfd34986eaf5b3,
        type: 3}
      propertyPath: m_RootOrder
      value: 19
      objectReference: {fileID: 0}
    - target: {fileID: 2087997037742054323, guid: 0536f27d854acf246abfd34986eaf5b3,
        type: 3}
      propertyPath: m_LocalEulerAnglesHint.x
      value: 0
      objectReference: {fileID: 0}
    - target: {fileID: 2087997037742054323, guid: 0536f27d854acf246abfd34986eaf5b3,
        type: 3}
      propertyPath: m_LocalEulerAnglesHint.y
      value: 0
      objectReference: {fileID: 0}
    - target: {fileID: 2087997037742054323, guid: 0536f27d854acf246abfd34986eaf5b3,
        type: 3}
      propertyPath: m_LocalEulerAnglesHint.z
      value: 0
      objectReference: {fileID: 0}
    m_RemovedComponents: []
  m_SourcePrefab: {fileID: 100100000, guid: 0536f27d854acf246abfd34986eaf5b3, type: 3}
--- !u!4 &2091404102 stripped
Transform:
  m_CorrespondingSourceObject: {fileID: 2087997037742054323, guid: 0536f27d854acf246abfd34986eaf5b3,
    type: 3}
  m_PrefabInstance: {fileID: 2091404101}
  m_PrefabAsset: {fileID: 0}
--- !u!1001 &2143589050
PrefabInstance:
  m_ObjectHideFlags: 0
  serializedVersion: 2
  m_Modification:
    m_TransformParent: {fileID: 594511976445345396}
    m_Modifications:
    - target: {fileID: 6719022418698200010, guid: b8299b0fd26c3c0449aa48a6fc810257,
        type: 3}
      propertyPath: m_Name
      value: p_Stall_17_snaps009
      objectReference: {fileID: 0}
    - target: {fileID: 4771069161714145075, guid: b8299b0fd26c3c0449aa48a6fc810257,
        type: 3}
      propertyPath: m_LocalPosition.x
      value: -53.699745
      objectReference: {fileID: 0}
    - target: {fileID: 4771069161714145075, guid: b8299b0fd26c3c0449aa48a6fc810257,
        type: 3}
      propertyPath: m_LocalPosition.y
      value: 0
      objectReference: {fileID: 0}
    - target: {fileID: 4771069161714145075, guid: b8299b0fd26c3c0449aa48a6fc810257,
        type: 3}
      propertyPath: m_LocalPosition.z
      value: -114.84224
      objectReference: {fileID: 0}
    - target: {fileID: 4771069161714145075, guid: b8299b0fd26c3c0449aa48a6fc810257,
        type: 3}
      propertyPath: m_LocalRotation.x
      value: -0
      objectReference: {fileID: 0}
    - target: {fileID: 4771069161714145075, guid: b8299b0fd26c3c0449aa48a6fc810257,
        type: 3}
      propertyPath: m_LocalRotation.y
      value: 1
      objectReference: {fileID: 0}
    - target: {fileID: 4771069161714145075, guid: b8299b0fd26c3c0449aa48a6fc810257,
        type: 3}
      propertyPath: m_LocalRotation.z
      value: -0
      objectReference: {fileID: 0}
    - target: {fileID: 4771069161714145075, guid: b8299b0fd26c3c0449aa48a6fc810257,
        type: 3}
      propertyPath: m_LocalRotation.w
      value: 0.0000028461216
      objectReference: {fileID: 0}
    - target: {fileID: 4771069161714145075, guid: b8299b0fd26c3c0449aa48a6fc810257,
        type: 3}
      propertyPath: m_RootOrder
      value: 16
      objectReference: {fileID: 0}
    - target: {fileID: 4771069161714145075, guid: b8299b0fd26c3c0449aa48a6fc810257,
        type: 3}
      propertyPath: m_LocalEulerAnglesHint.x
      value: 0
      objectReference: {fileID: 0}
    - target: {fileID: 4771069161714145075, guid: b8299b0fd26c3c0449aa48a6fc810257,
        type: 3}
      propertyPath: m_LocalEulerAnglesHint.y
      value: 180.00002
      objectReference: {fileID: 0}
    - target: {fileID: 4771069161714145075, guid: b8299b0fd26c3c0449aa48a6fc810257,
        type: 3}
      propertyPath: m_LocalEulerAnglesHint.z
      value: 0
      objectReference: {fileID: 0}
    m_RemovedComponents: []
  m_SourcePrefab: {fileID: 100100000, guid: b8299b0fd26c3c0449aa48a6fc810257, type: 3}
--- !u!4 &2143589051 stripped
Transform:
  m_CorrespondingSourceObject: {fileID: 4771069161714145075, guid: b8299b0fd26c3c0449aa48a6fc810257,
    type: 3}
  m_PrefabInstance: {fileID: 2143589050}
  m_PrefabAsset: {fileID: 0}
--- !u!4 &594511976445345396
Transform:
  m_ObjectHideFlags: 0
  m_CorrespondingSourceObject: {fileID: 0}
  m_PrefabInstance: {fileID: 0}
  m_PrefabAsset: {fileID: 0}
  m_GameObject: {fileID: 594511976445345397}
  m_LocalRotation: {x: 0, y: 0, z: 0, w: 1}
  m_LocalPosition: {x: 0, y: 0, z: 0}
  m_LocalScale: {x: 1, y: 1, z: 1}
  m_Children:
  - {fileID: 195872763}
  - {fileID: 528729864}
  - {fileID: 1050708541}
  - {fileID: 901577867}
  - {fileID: 803778980}
  - {fileID: 1180847903}
  - {fileID: 1057894173}
  - {fileID: 1137849133}
  - {fileID: 1698170513}
  - {fileID: 1926554263}
  - {fileID: 406186879}
  - {fileID: 498511350}
  - {fileID: 842264383}
  - {fileID: 961868440}
  - {fileID: 581479526}
  - {fileID: 633329481}
  - {fileID: 2143589051}
  - {fileID: 1511075177}
  - {fileID: 742877261}
  - {fileID: 2091404102}
  - {fileID: 1106698100}
  - {fileID: 1398150889}
  - {fileID: 1664804429}
  - {fileID: 1211748125}
  - {fileID: 569226565}
  m_Father: {fileID: 0}
  m_RootOrder: 2
  m_LocalEulerAnglesHint: {x: 0, y: 0, z: 0}
--- !u!1 &594511976445345397
GameObject:
  m_ObjectHideFlags: 0
  m_CorrespondingSourceObject: {fileID: 0}
  m_PrefabInstance: {fileID: 0}
  m_PrefabAsset: {fileID: 0}
  serializedVersion: 6
  m_Component:
  - component: {fileID: 594511976445345396}
  m_Layer: 0
  m_Name: Market_Stall_Showcase
  m_TagString: Untagged
  m_Icon: {fileID: 0}
  m_NavMeshLayer: 0
  m_StaticEditorFlags: 0
  m_IsActive: 1
